@book {Lee,
    AUTHOR = {Lee, John M.},
    TITLE = {Introduction to smooth manifolds},
    SERIES = {Graduate Texts in Mathematics},
    VOLUME = {218},
    EDITION = {Second},
    PUBLISHER = {Springer},
    ADDRESS = {New York},
    YEAR = {2013},
}

@book {Naber1,
    AUTHOR = {Naber, Gregory L.},
    TITLE = {Topology, geometry and gauge fields},
    SERIES = {Applied Mathematical Sciences},
    VOLUME = {141},
    EDITION = {Second},
    NOTE = {Interactions},
    PUBLISHER = {Springer},
    ADDRESS = {New York},
    YEAR = {2011},
}

@book {Naber2,
    AUTHOR = {Naber, Gregory L.},
    TITLE = {Topology, geometry, and gauge fields},
    SERIES = {Texts in Applied Mathematics},
    VOLUME = {25},
    EDITION = {Second},
    NOTE = {Foundations},
    PUBLISHER = {Springer},
    ADDRESS = {New York},
    YEAR = {2011},
}

@book {KN,
    AUTHOR = {Kobayashi, Shoshichi and Nomizu, Katsumi},
    TITLE = {Foundations of differential geometry. {V}ol. {I}},
    SERIES = {Wiley Classics Library},
    NOTE = {Reprint of the 1963 original,
        A Wiley-Interscience Publication},
    PUBLISHER = {John Wiley \& Sons Inc.},
    ADDRESS = {New York},
    YEAR = {1996},
}

@book {Spivak,
    AUTHOR = {Spivak, Michael},
    TITLE = {A comprehensive introduction to differential geometry. {V}ol.
        {II}},
    EDITION = {Second},
    PUBLISHER = {Publish or Perish Inc.},
    ADDRESS = {Wilmington, Del.},
    YEAR = {1979},
}

@misc{jose,
    TITLE = {Gauge Theory},
    AUTHOR = {Figueroa-O'Farrill, Jos√©},
    NOTE = {Course notes [online] \url{http://empg.maths.ed.ac.uk/Activities/GT/}},
    YEAR = 2006,
}
